%
%  Vzor bibliografické databáze pro automatickou tvorbu seznamu referencí
%  pomocí BibTeXu
%
%  Doporučený software pro správu databáze literatury formátu *.bib:
%    JabRef, http://jabref.sourceforge.net/
%
%  POZOR:
%
%    *  Písmena v názvech publikací, jež je třeba tisknout vždy velká, se musejí psát
%       do složených závorek ({T}hailand, {HIV})
%
%  ===========================================================================

@BOOK{digitalni_knihovny_-_teorie_a_praxe,
  title = {Digitální knihovny - teorie a praxe},
  publisher = {Národní knihovna},
  year = {2004},
  author = {BARTOŠEK, Miroslav},
  issn = {0862-7487}
}

@online{knihovni_systemy_stritecka,
    author = "Lenka Střítecká",
    title = "KNIHOVNÍ SYSTÉMY",
    url  = "https://www.kjm.cz/data/dokumenty/NSK/1a_Knihovn_systmy.pdf"
}

% https://en.wikipedia.org/wiki/Koha_(software)